@misc{LU,
  author = "Pavel Okunev, Charles R. Johnson",
  title = "Necessary And Sufficient Conditions For Existence of the LU Factorization of an Arbitrary Matrix",
  year = {2024},
  url = "https://arxiv.org/abs/math/0506382",
  addendum = "(accessed: 29.11.2024)"}


@misc{PPI_Poisson,
  author = "Dr. Hella Rabus",
  title = "Praxis√ºbung NLA- Projektpraktikum I- WiSe24/25",
  year = {2024},
  url = "https://moodle.hu-berlin.de/pluginfile.php/6305332/mod_folder/content/0/PPI_FD.pdf?forcedownload=1",
  addendum = "(accessed: 29.11.2024)"}

https://en.wikipedia.org/wiki/Poisson%27s_equation
@misc{Poisson,
  author = "Wikipedia contributors",
  title = "Poisson's equation",
  year = {2024},
  url = "https://en.wikipedia.org/wiki/Poisson%27s_equation",
  addendum = "(accessed: 28.11.2024)"
}