@misc{FiniteDifferenzen,
  author = "Wikipedia contributors",
  title = "FiniteDifferences",
  year = {2024},
  url = "https://en.wikipedia.org/wiki/Finite_difference",
  addendum = "(accessed: 31.10.2024)"
}

@misc{NumericalDifferentiation,
  author = "Brown University",
  title = "Numerical differentiation: finite differences",
  year = {2011},
  url = "https://www.dam.brown.edu/people/alcyew/handouts/numdiff.pdf",
  addendum = "(accessed: 08.11.2024)"
}
