https://web.ma.utexas.edu/CNA/DMY/david_young_thesis.pdf


https://www5.in.tum.de/lehre/vorlesungen/sci_comp/ws03/material/slides09.pdf for positive definite property of A

https://userpages.umbc.edu/~gobbert/papers/YangGobbert2007SOR.pdf

@misc{SOR,
  author = "Willi Törnig",
  title = "Numerische Mathematik für Ingenieure und Physiker
Band 1: Numerische Methoden der Algebra",
  year = {1979},
  url = "https://link.springer.com/book/10.1007/978-3-642-96508-1",
  addendum = "(accessed: 26.01.2025)"}


@misc{Iterative,
  author = "Andreas Meister",
  title = "Numerik linearer Gleichungssysteme
Eine Einführung in moderne Verfahren. Mit MATLAB®-Implementierungen von C. Vömel",
  year = {2015},
  url = "https://link.springer.com/book/10.1007/978-3-658-07200-1",
  addendum = "(accessed: 26.01.2025)"}

@misc{Runtime,
  author = "",
  title = "Solving the Discrete Poisson Equation using Jacobi, SOR, Conjugate Gradients, and the FFT",
  year = {1996},
  url = "https://people.eecs.berkeley.edu/~demmel/cs267/lecture24/lecture24.html",
  addendum = "(accessed: 26.01.2025)"
}